@article{bearden1967reevaluation,
  title={Reevaluation of X-ray atomic energy levels},
  author={Bearden, Jo A and Burr, AF},
  journal={Reviews of Modern Physics},
  volume={39},
  number={1},
  pages={125},
  year={1967},
  publisher={APS}
}

@article{juett2006high,
  title={High-resolution X-ray spectroscopy of the interstellar medium. II. Neon and iron absorption edges},
  author={Juett, Adrienne M and Schulz, Norbert S and Chakrabarty, Deepto and Gorczyca, Thomas W},
  journal={The Astrophysical Journal},
  volume={648},
  number={2},
  pages={1066},
  year={2006},
  publisher={IOP Publishing}
}

@article{prodhani2018galactic,
  title={The galactic luminous supersoft X-ray source RXJ0925. 7-4758/MR Vel},
  author={Prodhani, Nandita and Baruah, Monmoyuri},
  journal={Pramana},
  volume={90},
  pages={1--5},
  year={2018},
  publisher={Springer}
}

@article{orio2022nicer,
  title     =   "{NICER monitoring of supersoft X-ray sources}",
  author    =   {Orio, M and Gendreau, K and Giese, M and Luna, GJM and Magdolen, J and Pei, S and Sun, B and Behar, E and Dobrotka, A and Mikolajewska, J and others},
  journal   =   {The Astrophysical Journal},
  volume    =   {932},
  number    =   {1},
  pages     =   {45},
  year      =   {2022},
  publisher =   {IOP Publishing}
}

@article{wilms2000tbabs,
  title     =   "{On the absorption of X-rays in the interstellar medium}",
  author    =   {Wilms, J and Allen, A and McCray, R},
  journal   =   {The Astrophysical Journal},
  volume    =   {542},
  number    =   {2},
  pages     =   {914},
  year      =   {2000},
  publisher =   {IOP Publishing}
}

@article{gatuzz2015ismabs,
  title     =   "{ISMabs: A comprehensive X-ray absorption model for the interstellar medium}",
  author    =   {Gatuzz, E and Garc{\'\i}a, J and Kallman, TR and Mendoza, C and Gorczyca, TW},
  journal   =   {The Astrophysical Journal},
  volume    =   {800},
  number    =   {1},
  pages     =   {29},
  year      =   {2015},
  publisher =   {IOP Publishing}
}
